@article{rendandsim,
	author = {Pavel Zagrebelnyy},
	title = {Rendering and simulation in offroad driving game},
	day = {13},
	month = {June},
	year = {2013},
	url = {https://www.gamedeveloper.com/programming/rendering-and-simulation-in-offroad-driving-game},
}

@article{mudandwater,
	author = {Pavel Zagrebelnyy},
	title = {Mud and Water of Spintires:MudRunner},
	day = {16},
	month = {November},
	year = {2017},
	url = {https://www.gamedeveloper.com/programming/rendering-and-simulation-in-offroad-driving-game},
}